<record><leader>00000cas a22000007a 4500</leader><controlfield tag="001">12590278</controlfield><controlfield tag="008">850923d184018uuohuwr ne      0    0ger  </controlfield><datafield ind1=" " ind2=" " tag="010"><subfield code="a">sn 85042509 </subfield></datafield><datafield ind1=" " ind2=" " tag="040"><subfield code="a">DLC</subfield><subfield code="b">eng</subfield><subfield code="c">DLC</subfield><subfield code="d">OCLCQ</subfield></datafield><datafield ind1=" " ind2=" " tag="042"><subfield code="a">msc</subfield></datafield><datafield ind1="0" ind2="0" tag="050"><subfield code="a">Newspaper 9214-X</subfield></datafield><datafield ind1="0" ind2="0" tag="245"><subfield code="a">Ohio Staats-Zeitung and Volks-Advocat =</subfield><subfield code="b">Ohio State gazette and people's advocate.</subfield></datafield><datafield ind1="3" ind2="1" tag="246"><subfield code="a">Ohio State gazette and people's advocate</subfield></datafield><datafield ind1=" " ind2=" " tag="260"><subfield code="a">Columbus, Ohio :</subfield><subfield code="b">John S. Wiestling</subfield></datafield><datafield ind1=" " ind2=" " tag="300"><subfield code="a">v. ;</subfield><subfield code="c">47-54 cm.</subfield></datafield><datafield ind1=" " ind2=" " tag="310"><subfield code="a">Weekly</subfield></datafield><datafield ind1="1" ind2=" " tag="362"><subfield code="a">Began in May 1840 .</subfield><subfield code="z">Cf. Arndt, K. and Olslon, M. German lang. press of the Americas.</subfield></datafield><datafield ind1=" " ind2=" " tag="546"><subfield code="a">In German and English, &lt;May 22, 1840&gt;; in German only, &lt;Oct. 13, 1840&gt;.</subfield></datafield><datafield ind1=" " ind2=" " tag="588"><subfield code="a">Description based on: Jahrg. 1, Nr. 2 (22. May, 1840).</subfield></datafield><datafield ind1=" " ind2=" " tag="752"><subfield code="a">United States</subfield><subfield code="b">Ohio</subfield><subfield code="c">Franklin</subfield><subfield code="d">Columbus.</subfield></datafield><datafield ind1="1" ind2=" " tag="029"><subfield code="a">AU@</subfield><subfield code="b">000025821492</subfield></datafield></record>